@article{Jin2019,
author = {Jin, Xiaohang and Que, Zijun and Sun, Yi and Guo, Yuanjing and Qiao, Wei},
doi = {10.1109/TIA.2019.2907666},
issn = {19399367},
journal = {IEEE Transactions on Industry Applications},
keywords = {Bearing,Fault prognostics,Kolmogorov-Smirnov (K-S) test,Remaining useful life (RUL),Self-organizing map (SOM),Unscented Kalman filter (UKF)},
mendeley-groups = {APARM2020},
number = {4},
pages = {3394--3401},
title = {{A Data-Driven Approach for Bearing Fault Prognostics}},
volume = {55},
year = {2019}
}

@article{Nguyen2019,
author = {Nguyen, Khanh T.P. and Medjaher, Kamal},
doi = {10.1016/j.ress.2019.03.018},
issn = {09518320},
journal = {Reliability Engineering and System Safety},
keywords = {Deep learning,Inventory management,PHM,Predictive maintenance,Prognostics information,Residual life prediction},
mendeley-groups = {APARM2020},
month = {aug},
pages = {251--262},
title = {{A new dynamic predictive maintenance framework using deep learning for failure prognostics}},
url = {https://linkinghub.elsevier.com/retrieve/pii/S0951832018311050},
volume = {188},
year = {2019}
}
